<?xml version="1.0" encoding="UTF-8"?><collection xmlns="http://www.loc.gov/MARC21/slim"><record><leader>00384nam--2200133-i-4500</leader><controlfield tag="001">000024985</controlfield><controlfield tag="002">20161230</controlfield><controlfield tag="005">20161230201035</controlfield><controlfield tag="008">060222s1000------------r-----000-0-eng-d</controlfield><datafield ind1=" " ind2=" " tag="080"><subfield code="a">624.04</subfield></datafield><datafield ind1=" " ind2=" " tag="100"><subfield code="a">Feofanov, A. F</subfield></datafield><datafield ind1=" " ind2=" " tag="245"><subfield code="a">Calculele constructiilor cu pereti subtiri. traducere din limba rusa</subfield></datafield><datafield ind1=" " ind2=" " tag="260"><subfield code="a">Bucuresti, Institutul De Documentare Tehnica, 1954. 239 P</subfield></datafield><datafield ind1=" " ind2=" " tag="852"><subfield code="a">26191</subfield></datafield></record></collection>